<?xml version="1.0" encoding="UTF-8"?><collection xmlns="http://www.loc.gov/MARC21/slim"><record><leader>00476nam--2200133-i-4500</leader><controlfield tag="001">000029495</controlfield><controlfield tag="002">20161230</controlfield><controlfield tag="005">20161230201037</controlfield><controlfield tag="008">060222s1000------------r-----000-0-eng-d</controlfield><datafield ind1=" " ind2=" " tag="080"><subfield code="a">543.51:539.184.3(043)</subfield></datafield><datafield ind1=" " ind2=" " tag="100"><subfield code="a">Lorthiois, Isabelle</subfield></datafield><datafield ind1=" " ind2=" " tag="245"><subfield code="a">Etude experimentale de l`emission d`ions secondaires a partir de surfaces bombardees par des ions lourds d`energies par nucleon comprises entre 0,1 et 5 mev/u. these</subfield></datafield><datafield ind1=" " ind2=" " tag="260"><subfield code="a">Orsay, Univ.Paris-sud, 1983, 88p</subfield></datafield><datafield ind1=" " ind2=" " tag="852"><subfield code="a">71792</subfield></datafield></record></collection>